@book{Wilson:90,
    author  = {Robin J. Wilson and John J. Watkins},
    title   = {Graphs:  An Introductory Approach},
    year    = "1990",
   publisher = {Wiley},
   address = {New York}
}

@book{Bird:09,
    author  = {Steven Bird and Edward Loper and Ewan Klein},
    title   = {Natural Language Processing with Python},
    year    = "2009",
   publisher = {O'Reilly Media},
   address = {Stebanstopol, CA}
}

@article{peixoto_graph-tool_2014,
         title = {The graph-tool python library},
         url = {http://figshare.com/articles/graph_tool/1164194},
         doi = {10.6084/m9.figshare.1164194},
         urldate = {2014-09-10},
         journal = {figshare},
         author = {Peixoto, Tiago P.},
         year = {2014},
         keywords = {all, complex networks, graph, network, other}
}

@inproceedings{Barros:15,
	author = {Cristina Barros and Elena Lloret},
	year = "2015",
	title = {Input Seed Features for Guiding the Generation Process:  A Statistical Approach for Spanish},
	Address = {Brighton},
	Booktitle = {Proceedings of the 15th European Workshop on Natural Language Generation (ENLG)},
	Month = {September},
	Year = {2015},
	Pages = {9--17},
}

@phdthesis{Matulik:18,
	author={Martin Matulik},
	title={Natural Language Generation from Structured Data},
	school={Czech Technical University in Prague},
	year={2018}
}

@book{Gusfield:97,
    author  = {Robin J. Wilson and John J. Watkins},
    title   = {Graphs:  An Introductory Approach},
    year    = "1990",
    publisher = {Wiley},
    address = {New York}
}

@misc{Srivastava:18,
  title = {How to create a poet/writer using Deep Learning (Text Generation using Python)?},
  author = {Pranjal Srivastava},
  year = {2018},
  howpublished = {\url{https://www.analyticsvidhya.com/blog/2018/03/text-generation-using-python-nlp/}},
  note = {Accessed: 2018-12-02}
}

@misc{Fontaine:14,
  title = {Trigrams-based text generation},
  author = {Baptiste Fontaine},
  year = {2014},
  howpublished = {\url{https://github.com/bfontaine/trigrams}},
  note = {Accessed: 2018-12-03}
}

@inproceedings{Kumagai:16,
	Address = {Edinburgh},
	Author = {Kaori Kumagai and Ichiro Kobayashi and Daichi Mochihashi and Hideki Asoh and Tomoaki Nakamura and Takayuki Nagai},
	Booktitle = {Proceedings of the INLK 2016 Workshop on Computational Creativity and Natural Language Generation},
	Month = {September},
	Pages = {11--18},
	Title = {Human-like Natural Language Generation Using Monte Carlo Tree Search},
	Year = {2016}
}

@article{rasooli-tetrault-2015,
    author    = {Mohammad Sadegh Rasooli and Joel R. Tetreault},
    title     = {Yara Parser: {A} Fast and Accurate Dependency Parser},
    journal   = {Computing Research Repository},
    volume    = {arXiv:1503.06733},
    year      = {2015},
    url       = {http://arxiv.org/abs/1503.06733},
    note    = {version 2}
}

@article{Ando2005,
	Acmid = {1194905},
	Author = {Ando, Rie Kubota and Zhang, Tong},
	Issn = {1532-4435},
	Issue_Date = {12/1/2005},
	Journal = {Journal of Machine Learning Research},
	Month = dec,
	Numpages = {37},
	Pages = {1817--1853},
	Publisher = {JMLR.org},
	Title = {A Framework for Learning Predictive Structures from Multiple Tasks and Unlabeled Data},
	Volume = {6},
	Year = {2005}}

@InProceedings{P16-1001,
  author =	"Goodman, James
  	 and Vlachos, Andreas
	     and Naradowsky, Jason",
  title =    "Noise reduction and targeted exploration in imitation learning for      Abstract Meaning Representation parsing    ",
  booktitle = 	    "Proceedings of the 54th Annual Meeting of the Association for      Computational Linguistics (Volume 1: Long Papers)    ",
  year =    "2016",
  publisher =	"Association for Computational Linguistics",
  pages =   "1--11",
  location =	"Berlin, Germany",
  doi =    "10.18653/v1/P16-1001",
  url =    "http://aclweb.org/anthology/P16-1001"
}

@InProceedings{C14-1001,
  author =	"Harper, Mary",
  title = 	"Learning from 26 Languages: Program Management and Science in the Babel Program",
  booktitle = 	"Proceedings of COLING 2014, the 25th International Conference on Computational Linguistics: Technical Papers",
  year =    "2014",
  publisher =	"Dublin City University and Association for Computational Linguistics",
  pages =   "1",
  location =	"Dublin, Ireland",
  url =    "http://aclweb.org/anthology/C14-1001"
}
